<?xml version="1.0" encoding="UTF-8"?><collection xmlns="http://www.loc.gov/MARC21/slim"><record><leader>00399nam--2200133-i-4500</leader><controlfield tag="001">000010322</controlfield><controlfield tag="002">20161230</controlfield><controlfield tag="005">20170208152230</controlfield><controlfield tag="008">060222s1000------------r-----000-0-eng-d</controlfield><datafield ind1=" " ind2=" " tag="245"><subfield code="a">D.a.t.a. book of discontinued transistors. Summer 1969. 5th edition</subfield></datafield><datafield ind1=" " ind2=" " tag="260"><subfield code="a">Orange, N.J</subfield><subfield code="b">Derivation And Tabulation Associates, Inc</subfield><subfield code="c">1969</subfield></datafield><datafield ind1=" " ind2=" " tag="300"><subfield code="a">82 p</subfield></datafield><datafield ind1=" " ind2=" " tag="852"><subfield code="a">017:621.382.3</subfield></datafield><datafield ind1=" " ind2=" " tag="CAT"><subfield code="a">SYS</subfield><subfield code="c">20170208</subfield><subfield code="h">152230</subfield></datafield></record></collection>